@book{schrijver1998theory,
  title={Theory linear and integer programming},
  author={Schrijver, Alexander},
  year={1998},
  publisher={John Wiley \& Sons}
}

@article{SS21,
title={Computing a generating set of torus invariants for the coordinate ring of the Grassmannian},
author={Dake, Somnath and K V Subrahmanyam},
year={2021},
}

@incollection{hemmecke2002computation,
  title={On the computation of Hilbert bases of cones},
  author={Hemmecke, Raymond},
  booktitle={Mathematical software},
  pages={307--317},
  year={2002},
  publisher={World Scientific}
}

@article {Ke,
  title = {ON REGULAR DIFFERENCE TERMS},
  author = {A. Kempe},
  journal = {Proc. London Math Soc.},
  volume = {25},
  year = {1894},
  publisher = { Citeseer}
}

@article{bakshi2020torus,
  title={Torus quotients of Richardson varieties in the Grassmannian},
  author={Bakshi, Sarjick and Senthamarai, S Kannan and Subrahmanyam, K Venkata},
  journal={Communications in Algebra},
  volume={48},
  number={2},
  pages={891--914},
  year={2020},
  publisher={Taylor \& Francis}
}

@article {hausmann1997polygon,
  title = {POLYGON SPACES AND GRASSMANNIANS},
  author = {Hausmann, Jean Claude and Knutson, Allen},
  journal = {Mathematical Teaching},
  volume = {43},
  year = {1997},
  publisher = { Citeseer}
  
 }

@phdthesis{knutson1996weight,
  title={Weight varieties},
  author={Knutson, Allen Ivar},
  year={1996},
  school={Massachusetts Institute of Technology}
}

@article{deodhar1985some,
  title={On some geometric aspects of Bruhat orderings. I. A finer decomposition of Bruhat cells},
  author={Deodhar, Vinay V},
  journal={Inventiones mathematicae},
  volume={79},
  number={3},
  pages={499--511},
  year={1985},
  publisher={Springer}
}

@article{kannan1998torus,
  title={Torus quotients of homogeneous spaces},
  author={Kannan, S Senthamarai},
  journal={Proceedings Mathematical Sciences},
  volume={108},
  number={1},
  pages={1--12},
  year={1998},
  publisher={Springer}
}
@article{kannan1999torus,
  title={Torus quotients of homogeneous spaces—II},
  author={Kannan, S Senthamarai},
  journal={Proceedings Mathematical Sciences},
  volume={109},
  number={1},
  pages={23--39},
  year={1999},
  publisher={Springer}
}

@article{kannan2009torusA,
  title={Torus quotients of homogeneous spaces of the general linear group and the standard representation of certain symmetric groups},
  author={Kannan, SS and Pranab, Sardar},
  journal={Proceedings-Mathematical Sciences},
  volume={119},
  number={1},
  pages={81},
  year={2009},
  publisher={Springer}
}

@article{kannan2009torusB,
  title={Torus quotients of homogeneous spaces—minimal dimensional Schubert varieties admitting semi-stable points},
  author={Kannan, S Senthamarai and Pattanayak, SK},
  journal={Proceedings-Mathematical Sciences},
  volume={119},
  number={4},
  pages={469},
  year={2009},
  publisher={Springer}
}

@book{mumford1994geometric,
  title={Geometric invariant theory},
  author={Mumford, David and Fogarty, John and Kirwan, Frances},
  volume={34},
  year={1994},
  publisher={Springer Science \& Business Media}
}

@incollection{kannan2014git,
  title={GIT related problems of the flag variety for the action of a maximal torus},
  author={Kannan, S Senthamarai},
  booktitle={Groups of Exceptional Type, Coxeter Groups and Related Geometries},
  pages={189--203},
  year={2014},
  publisher={Springer}
}

@article{kannan2018torus,
  title={Torus quotients of Richardson varieties},
  author={Kannan, SS and Paramasamy, K and Pattanayak, SK and Upadhyay, Shyamashree},
  journal={Communications in Algebra},
  volume={46},
  number={1},
  pages={254--261},
  year={2018},
  publisher={Taylor \& Francis}
}

@book{jantzen2007representations,
  title={Representations of algebraic groups},
  author={Jantzen, Jens Carsten},
  number={107},
  year={2007},
  publisher={American Mathematical Soc.}
}

@article{gelfand1987combinatorial,
  title={Combinatorial geometries, convex polyhedra, and Schubert cells},
  author={Gelfand, Israel M and Goresky, R Mark and MacPherson, Robert D and Serganova, Vera V},
  journal={Advances in Mathematics},
  volume={63},
  number={3},
  pages={301--316},
  year={1987},
  publisher={Academic Press}
}

@article{gelfand1982geometry,
  title={Geometry in Grassmannians and a generalization of the dilogarithm},
  author={Gelfand, IM and MacPherson, RD},
  journal={Advances in mathematics},
  volume={44},
  number={3},
  pages={279--312},
  year={1982},
  publisher={Elsevier}
}

@book{fulton1997young,
  title={Young tableaux: with applications to representation theory and geometry},
  author={Fulton, William},
  volume={35},
  year={1997},
  publisher={Cambridge University Press}
}

@inproceedings{skorobogatov1993swinnerton,
  title={On Swinnerton-Dyer},
  author={Skorobogatov, Alexei N},
  booktitle={Annales de la facult{\'e} des sciences de Toulouse},
  volume={2},
  number={3},
  year={1993}
}

@article{howard2005matroids,
  title={Matroids and geometric invariant theory of torus actions on flag spaces},
  author={Howard, Benjamin J},
  journal={arXiv preprint math/0511608},
  year={2005}
}

@book{borel2012linear,
  title={Linear algebraic groups},
  author={Borel, Armand},
  volume={126},
  year={2012},
  publisher={Springer Science \& Business Media}
}

@article{seshadriintroduction,
  title={Introduction to the theory of standard monomials, Texts and Readings in Mathematics, vol. 46, Hindustan Book Agency, New Delhi, 2007, With notes by Peter Littelmann and Pradeep Shukla, Appendix A by V},
  author={Seshadri, CS},
  journal={Lakshmibai, Revised reprint of lectures published in the Brandeis Lecture Notes series}
}

@article{kumar2008descent,
  title={Descent of line bundles to GIT quotients of flag varieties by maximal torus},
  author={Kumar, Shrawan},
  journal={Transformation groups},
  volume={13},
  number={3-4},
  pages={757--771},
  year={2008},
  publisher={Springer}
}

@article{brion2003geometric,
  title={A geometric approach to standard monomial theory},
  author={Brion, Michel and Lakshmibai, Venkatramani},
  journal={Representation Theory of the American Mathematical Society},
  volume={7},
  number={25},
  pages={651--680},
  year={2003}
}
@article{howard2005projective,
  title={The projective invariants of ordered points on the line},
  author={Howard, Benjamin J and Millson, John and Snowden, Andrew and Vakil, Ravi},
  journal={arXiv preprint math/0505096},
  year={2005}
}

@article{kodama2013deodhar,
  title={The Deodhar decomposition of the Grassmannian and the regularity of KP solitons},
  author={Kodama, Yuji and Williams, Lauren},
  journal={Advances in Mathematics},
  volume={244},
  pages={979--1032},
  year={2013},
  publisher={Elsevier}
}

@article{marsh2004parametrizations,
  title={Parametrizations of flag varieties},
  author={Marsh, R and Rietsch, K},
  journal={Representation Theory of the American Mathematical Society},
  volume={8},
  number={9},
  pages={212--242},
  year={2004}
}

@book{lakshmibai2007standard,
  title={Standard monomial theory: invariant theoretic approach},
  author={Lakshmibai, Venkatramani and Raghavan, Komaranapuram N},
  volume={137},
  year={2007},
  publisher={Springer Science \& Business Media}
}

@article{bergman2008diamond,
  title={The diamond lemma for ring theory},
  author={Bergman, George M},
  journal={Advances in Mathematics},
  volume={29},
  pages={178-218},
  year={2008}
}
